<record><leader>00000cas a22000007a 4500</leader><controlfield tag="001">21488528</controlfield><controlfield tag="008">900507d19591966nyuwr ne      0    0eng d</controlfield><datafield ind1=" " ind2=" " tag="010"><subfield code="a">sn 90066069 </subfield></datafield><datafield ind1=" " ind2=" " tag="040"><subfield code="a">NYS</subfield><subfield code="b">eng</subfield><subfield code="c">NYS</subfield><subfield code="d">OCLCQ</subfield></datafield><datafield ind1=" " ind2=" " tag="042"><subfield code="a">msc</subfield></datafield><datafield ind1="0" ind2="0" tag="245"><subfield code="a">Weedsport Cayuga chief-Port Byron chronicle.</subfield></datafield><datafield ind1=" " ind2=" " tag="260"><subfield code="a">Weedsport, N.Y. :</subfield><subfield code="b">F.H. Hosmer</subfield></datafield><datafield ind1=" " ind2=" " tag="300"><subfield code="a">v.</subfield></datafield><datafield ind1=" " ind2=" " tag="310"><subfield code="a">Weekly</subfield></datafield><datafield ind1="1" ind2=" " tag="362"><subfield code="a">Began in 1959; ceased in 1966.</subfield></datafield><datafield ind1=" " ind2=" " tag="588"><subfield code="a">Description based on: Vol. 83, no. 2 (July 9, 1959).</subfield></datafield><datafield ind1=" " ind2="4" tag="651"><subfield code="a">Weedsport (N.Y.)</subfield><subfield code="v">Newspapers.</subfield></datafield><datafield ind1=" " ind2=" " tag="752"><subfield code="a">United States</subfield><subfield code="b">New York</subfield><subfield code="c">Cayuga</subfield><subfield code="d">Weedsport.</subfield></datafield><datafield ind1="0" ind2="4" tag="780"><subfield code="t">Cayuga chief (Weedsport, N.Y.)</subfield><subfield code="w">(DLC)sn 84031323</subfield></datafield><datafield ind1="0" ind2="4" tag="780"><subfield code="t">Port Byron chronicle and Cayuga County news</subfield><subfield code="w">(DLC)sn 90066596</subfield><subfield code="w">(OCoLC)22789139</subfield></datafield><datafield ind1="0" ind2="0" tag="785"><subfield code="t">Cayuga chief-chronicle</subfield><subfield code="w">(DLC)sn 90066070</subfield><subfield code="w">(OCoLC)21488636</subfield></datafield><datafield ind1="1" ind2=" " tag="029"><subfield code="a">AU@</subfield><subfield code="b">000025862729</subfield></datafield></record>